% Encoding: UTF-8

@Article{SabiEtAl2016,
  author       = {Sabi, Humphrey M. and Uzoka, Faith-Michael E. and Langmia, Kehbuma and Njeh, Felix M.},
  title        = {Conceptualizing a model for adoption of cloud computing in education},
  journaltitle = {International Journal of Information Management},
  year         = {2016},
  volume       = {36},
  number       = {2},
  pages        = {183--191},
  doi          = {10.1016/j.ijinfomgt.2015.11.010},
  url          = {http://www.sciencedirect.com/science/article/pii/S0268401215001115},
}

@Online{LewisFowler2014,
  author    = {Lewis, James and Fowler, Martin},
  title     = {Microservices: a definition of this new architectural term},
  date      = {2014-03-25},
  url       = {http://martinfowler.com/articles/microservices.html},
  urldate   = {2016-09-01},
}

@Online{Hykes2013,
  author    = {Solomon Hykes},
  title     = {The future of Linux Containers (PyCon 2013)},
  date      = {2013-03-21},
  url       = {https://www.youtube.com/watch?v=wW9CAH9nSLs},
  urldate   = {2016-09-01},
}

@article{wulteputteefficient,
  title={Effici{\"e}nt toepassen van Object Detection bij inzet op},
  author={Wulteputte, Kobe}
}

@InProceedings{Cai2021,
  author    = {Cai, Yuanqiang and Wen, Longyin and Zhang, Libo and Du, Dawei and Wang, Weiqiang},
  booktitle = {Proceedings of the AAAI Conference on Artificial Intelligence},
  date      = {2021},
  title     = {Rethinking object detection in retail stores},
  number    = {2},
  pages     = {947--954},
  volume    = {35},
}

@Article{Desmarescaux2025,
  author       = {Desmarescaux, Matthieu and Kaddah, Wissam and Alfalou, Ayman and Deconninck, Jean-Charles},
  date         = {2025},
  journaltitle = {Neural Processing Letters},
  title        = {A review: One-shot object detection methods for conditional detection of retail and warehouse products},
  number       = {2},
  pages        = {1--32},
  volume       = {57},
  publisher    = {Springer},
}

@Article{Bertossi2020,
  author       = {Bertossi, Leopoldo and Geerts, Floris},
  date         = {2020},
  journaltitle = {Journal of Data and Information Quality (JDIQ)},
  title        = {Data quality and explainable AI},
  number       = {2},
  pages        = {1--9},
  volume       = {12},
  publisher    = {ACM New York, NY, USA},
}

@InProceedings{Padilla2020,
  author       = {Padilla, Rafael and Netto, Sergio L and Da Silva, Eduardo AB},
  booktitle    = {2020 international conference on systems, signals and image processing (IWSSIP)},
  date         = {2020},
  title        = {A survey on performance metrics for object-detection algorithms},
  organization = {IEEE},
  pages        = {237--242},
}

@Comment{jabref-meta: databaseType:biblatex;}
